%
% Resource Manager
% 

@article{SlurmDesign,
    Title = {{SLURM}: Simple Linux Utility for Resource Management},
    Author = {Morris Jette and Mark Grondona},
    Journal = {ClusterWorld Conference and Expo},
    Year = {2005},
}

@techreport{RMStudy,
    Author = {Yonghong Yan and Barbara Chapman},
    Title = {Comparative Study of Distributed Resource Management
		Systems -- {SGE}, {LSF}, {PBS Pro}, and {LoadLeveler}},
    Type = {Technical Report},
    Institution = {University of Houston},
    year = {2008},
}

@article{SchedDialog,
    Author = {Cynthia Bailey Lee and Allan Snavely},
    Title = {On the user-scheduler dialogue: Studies of user-provided runtime
		estimates and utility functions},
    Journal = {International Journal of High Performance Computing
		Applications},
    Year = {2006},
    Volume = {20},
    Pages = {495--506},
}

@article{ALPS,
    Title = {The Application Level Placement Scheduler},
    Author = {Michael Karo and Richard Lagerstrom and Marlys Kohnke
		and Carl Albing},
    Journal = {Cray User Group (CUG 2006)},
    Year = {2006},
}

@article{BGQRes,
    Title = {The {Blue Gene/Q} Resource Management Architecture},
    Author = {Tom Budnik and Brant Knudson and Mark Megerian and Sam Miller
		and Mike Mundy and Will Stockdell},
    Journal = {3rd IEEE Workshop on Many-Task Computing on Grids and
		Supercomputers (MTAGS10)},
    Month = {Nov},
    Year = {2010},
}

@article{Mesos,
    Title = {Mesos: A Platform for Fine-Grained Resource Sharing in the
		Data Center},
    Author = {Benjamin Hindman and Andy Konwinski and Matei Zaharia and
		Ali Ghodsi and Anthony D. Joseph and Randy Katz and
		Scott Shenker and Ion Stoica},
    Journal = {8th USENIX Symposium on Networked Systems Design and
		Implementation},
    Year = {2011},
}

@article{SlurmScale,
    Title = {Evaluating scalability and efficiency of the Resource
		and Job Management System on large {HPC} Clusters},
    Author = {Yiannis Georgiou and Matthieu Hautreux},
    Journal = {16th Workshop on Job Scheduling Strategies for Parallel Processing (JSSPP12)},
    Year = {2012},
}

@article{ManyTask,
    Title = {Many-Task Computing for Grids and Supercomputers},
    Author = {Ioan Raicu and Ian T. Foster and Yong Zhao},
    Journal = {Workshop on Many-Task Computing on Grids and Supercomputers
		(MTAGS)},
    Year = {2008},
}

@misc{Cobalt,
    Title = {Cobalt: Component-based Lightweight Toolkit},
    Howpublished = {Retrieved Nov 5, 2012
		from \url{http://trac.mcs.anl.gov/projects/cobalt}},
}
    
%
% Workload Runtime
%

@article{PMI,
    Title = {{PMI}: A Scalable Parallel Process-Management Interface
		for Extreme-Scale Systems},
    Author = {Pavan Balaji and Darius Buntinas and David Goodell and William
		Gropp and Jayesh Krishna and Ewing Lusk and Rajeev Thakur},
    Journal = {17th European MPI Users' Group Meeting (EuroMPI)},
    Year = {2010},
}

@article{BeyondDVFS,
    Title = {Beyond {DVFS}: A First Look at Performance Under a
		Hardware-Enforced Power Bound},
    Author = {Barry Rountree and Dong H. Ahn and Bronis R. de Supinski and
		David K. Lowenthal and Martin Schulz},
    Journal = {8th Workshop on High-Performance, Power-Aware Computing (HPPAC)},
    Year = {2012},
}

@article{PowerOpt,
    Title = {Optimizing Job Performance Under a Given Power Constraint
		in {HPC} Centers},
    Author = {Maja Etinski and Julita Corbalan and Jesus Labarta and
		Mateo Valero},
    Journal = {2010 International Green Computing Conference},
    Year = {2010},
} 

@article{LaunchMON,
    Title = {Overcoming Scalability Challenges for Tool Daemon Launching},
    Author = {Dong H. Ahn and Dorian C. Arnold and Bronis R. de Supinski
		and Gregory L. Lee and Barton P. Miller and Martin Schulz},
    Journal = {International Conference on Parallel Processing},
    Year = {2008},
}

@article{GroupFile,
    Title = {Group File Operations for Scalable Tools and Middleware},
    Author = {Michael J. Brim and Barton P. Miller},
    Journal = {Internation Conference on High Performance Computing},
    Year = {2009},
}

@article{FINAL,
    Title = {{FINAL}: Flexible and Scalable Composition of File System
		Name Spaces},
    Author = {Michael J. Brim and Barton P. Miller and Vic Zandy},
    Journal = {Proceedings of the 1st International Workshop on Runtime
		and Operating Systems for Supercomputers},
    Year = {2011},
}

@techreport{MPIR,
    Title = {The {MPIR} Process Acquisition Interface Version 1.0},
    Author = {John DelSignore and Dong Ahn and Ralph Castain and Jeff Squyres},
    Type = {Interface Specification},
    Institution = {MPI Forum Working Group on Tools},
    Year = {2010},
}

@misc{AUKS,
    Title = {Kerberos \& SLURM using Auks - Tutorial},
    Type = {Tutorial Slides presented to Slurm User Group},
    Howpublished = {Retrieved from
	\url{http://schedmd.com/slurmdocs/slurm_ug_2012/auks-tutorial.pdf}},
    Year = {2012},
}

%
% Provenance and Monitoring
%

@article{CIFTS,
    Title = {{CIFTS}: A Coordinated Infrastructure for Fault-Tolerant Systems},
    Author = {R. Gupta and P. Beckman and B. H. Park and E. Lusk and P.
		Hargrove and A. Geist and D. K. Panda and A. Lumsdaine and
		J. Dongarra},
    Journal = {Proceedings of the International Conference on Parallel
		Processing (ICPP)},
    Year = {2009},
}

@techreport{LogLDRD,
    Title = {Leveraging Log Analytics to Understand Application {I/O}},
    Author = {Todd Gamblin and Kathryn Mohror},
    Type = {Proposal for Laboratory Directed Research and Development},
    Institution = {Lawrence Livermore National Laboratory},
    Number      = {LLNL-PROP-559051},
    Year        = {2012},
}

@article{CondorProv,
    Title = {Transparently Gathering Provenance with Provenance Aware Condor},
    Author = {Christine F. Reilly and Jeffrey F. Naughton},
    Journal = {USENIX First Workshop on Theory and Practice of Provenance
		(TaPP)},
    Year = {2009},
}

@techreport{ProvSurvey,
    Title = {A Survey of Data Provenance Techniques},
    Author = {Yogesh L. Simmhan and Beth Plale and Dennis Gannon},
    Type = {Technical Report},
    Institution = {Computer Science Department, Indiana University},
    Number = {IUB-CS-TR618},
    Year = {2005},
}

@article{BlueGeneFail,
    Title = {{BlueGene/L} Failure Analysis and Prediction Models},
    Author = {Yinglung Liang and Yanyong Zhang and Anand Sivasubramaniam
		and Morris Jette and Ramendra Sahoo},
    Journal = {Proceedings of the 2006 International Conference on
		Dependable Systems and Networks (DSN'06)},
    Year = {2006},
}

@mastersthesis{Chukwa,
    Author = {Ariel Rabkin and Randy H. Katz},
    Title = {Chukwa: A system for reliable large-scale log collection},
    School = {EECS Department, University of California, Berkeley},
    Year = {2010},
    Month = {Mar},
    URL = {http://www.eecs.berkeley.edu/Pubs/TechRpts/2010/EECS-2010-25.html},
    Number = {UCB/EECS-2010-25},
}

@article{LogFramework,
    Title = {Real-Time System Log Monitoring/Analytics Framework},
    Author = {Raghul Gunasekaran and Sarp Oral and David Dillow and Byung Park
		and Galen Shipman and Al Geist},
    Journal = {Cray User Group (CUG 2011)},
    Year = {2011},
}

%
% Framework
%

@article{MrNet,
    Title = {{MRNet}: A Software-Based Multicast/Reduction Network for Scalable Tools},
    Author = {Philip C. Roth and Dorian C. Arnold and Barton P. Miller},
    Journal = {Proceedings of the ACM/IEEE SC2003 Conference (SC'03)},
    Year = {2003},
}

@techreport{MrNetFail,
    Title = {A Scalable Failure Recovery Model for Tree-based Overlay Networks},
    Author = {Dorian C. Arnold and Barton P. Miller},
    Type = {Technical Report},
    Institution = {Computer Sciences Department, University of Wisconsin},
    Number = {TR1626},
    Year = {2008},
}

@article{SCTP,
    Title = {{SCTP}: What is it, and how to use it?},
    Author = {Randall Stewart and Michael Tuxen and Peter Lei},
    Journal = {BSDCan 2008: The Technical BSD Conference},
    Year = {2008},
}

@article{SCTPvMPI,
    Title = {{SCTP} versus {TCP} for {MPI}},
    Author = {Humaira Kamal and Brad Penoff and Alan Wagner},
    Journal = {Proceedings of the ACM/IEEE SC2005 Conference (SC'05)},
    Year = {2005},
}

@article{SCTPstd,
    Title = {Stream Control Transmission Protocol: Past, Current, and Future
		Standardization Activities},
    Author = {Thomas Dreibholz and Erwin P. Rathgeb and Irene Rungeler and
		Robin Seggelmann and Michael Tuxen and Randall R. Stewart},
    Journal = {IEEE Communications Magazine},
    Year = {2011},
}

@article{CCI,
    Title = {The Common Communication Interface ({CCI})},
    Author = {Scott Atchley and David Dillow and Galen Shipman and
		Patrick Geoffray and Jeffrey M. Squyres and George Bosilca and
		Ronald Minnich},
    Journal = {IEEE 19th Annual Symposium on High Performance Interconnects
		(HOTI)},
    Year = {2011},
}

@misc{ZMQGuide,
    Title = {{0MQ} - The Guide, Updated for version 3.2},
    Author = {Pieter Hintjens},
    Howpublished = {Retrieved Nov. 5, 2012
		from \url{http://zguide.zeromq.org/page:all}},
}

@misc{ZMQRef,
    Title = {{0MQ} 3.2.1 {API} Reference},
    Author = {iMatix Corporation},
    Howpublished = {Retrieved Nov. 5, 2012
		from \url{http://api.zeromq.org/3-2:_start}},
}
