@inproceedings{launchmon,
  author    = {Dong H. Ahn and
               Dorian C. Arnold and
               Bronis R. de Supinski and
               Gregory L. Lee and
               Barton P. Miller and
               Martin Schulz},
  title     = {Overcoming Scalability Challenges for Tool Daemon Launching},
  booktitle = {ICPP},
  year      = {2008},
  pages     = {578-585},
  ee        = {http://dx.doi.org/10.1109/ICPP.2008.63},
  crossref  = {DBLP:conf/icpp/2008},
  bibsource = {DBLP, http://dblp.uni-trier.de}
}

@proceedings{DBLP:conf/icpp/2008,
  title     = {2008 International Conference on Parallel Processing, ICPP
               2008, September 8-12, 2008, Portland, Oregon, USA},
  booktitle = {ICPP},
  publisher = {IEEE Computer Society},
  year      = {2008},
  bibsource = {DBLP, http://dblp.uni-trier.de}
}

@inproceedings{libi,
  author    = {Joshua D. Goehner and
               Dorian C. Arnold and
               Dong H. Ahn and
               Gregory L. Lee and
               Bronis R. de Supinski and
               Matthew P. LeGendre and
               Martin Schulz and
               Barton P. Miller},
  title     = {A Framework for Bootstrapping Extreme Scale Software Systems},
  booktitle = {First International Workshop on High-performance Infrastructure for Scalable Tools (WHIST)},
  year      = {2011},
  address   = {Tucson, AZ}
} 

@INPROCEEDINGS{Jette02slurm,
    author = {Morris A. Jette and Andy B. Yoo and Mark Grondona},
    title = {SLURM: Simple Linux Utility for Resource Management},
    booktitle = {In Lecture Notes in Computer Science: Proceedings of Job Scheduling Strategies for Parallel Processing (JSSPP) 2003},
    year = {2002},
    pages = {44--60},
    publisher = {Springer-Verlag}
}

@inproceedings{PMI2,
  author    = {Pavan Balaji and
               Darius Buntinas and
               David Goodell and
               William Gropp and
               Jayesh Krishna and
               Ewing L. Lusk and
               Rajeev Thakur},
  title     = {PMI: A Scalable Parallel Process-Management Interface for
               Extreme-Scale Systems},
  booktitle = {EuroMPI},
  year      = {2010},
  pages     = {31-41},
  ee        = {http://dx.doi.org/10.1007/978-3-642-15646-5_4},
  crossref  = {DBLP:conf/pvm/2010},
  bibsource = {DBLP, http://dblp.uni-trier.de}
}

@proceedings{DBLP:conf/pvm/2010,
  editor    = {Rainer Keller and
               Edgar Gabriel and
               Michael M. Resch and
               Jack Dongarra},
  title     = {Recent Advances in the Message Passing Interface - 17th
               European MPI Users' Group Meeting, EuroMPI 2010, Stuttgart,
               Germany, September 12-15, 2010. Proceedings},
  booktitle = {EuroMPI},
  publisher = {Springer},
  series    = {Lecture Notes in Computer Science},
  volume    = {6305},
  year      = {2010},
  isbn      = {978-3-642-15645-8},
  ee        = {http://dx.doi.org/10.1007/978-3-642-15646-5},
  bibsource = {DBLP, http://dblp.uni-trier.de}
}

@INPROCEEDINGS{Castain05theopen,
    author = {R. H. Castain and T. S. Woodall and D. J. Daniel and J. M. Squyres and B. Barrett and G. E. Fagg},
    title = {The open run-time environment (openrte): A transparent multi-cluster environment for high-performance computing},
    booktitle = {In Proceedings 12th European PVM/MPI User?s Group Meeting on Recent Advances in Parallel Virtual Machine and Message Passing Interface, Sorrento(Naples)},
    year = {2005},
    publisher = {Springer-Verlag}
}

DBLP BibTeX Record 'conf/ipps/RountreeASLS12'

@inproceedings{RountreeRAPL,
  author    = {Barry Rountree and
               Dong H. Ahn and
               Bronis R. de Supinski and
               David K. Lowenthal and
               Martin Schulz},
  title     = {Beyond DVFS: A First Look at Performance under a Hardware-Enforced
               Power Bound},
  booktitle = {IPDPS Workshops},
  year      = {2012},
  pages     = {947-953},
  ee        = {http://doi.ieeecomputersociety.org/10.1109/IPDPSW.2012.116},
  crossref  = {DBLP:conf/ipps/2012w},
  bibsource = {DBLP, http://dblp.uni-trier.de}
}

@proceedings{DBLP:conf/ipps/2012w,
  title     = {26th IEEE International Parallel and Distributed Processing
               Symposium Workshops {\&} PhD Forum, IPDPS 2012, Shanghai,
               China, May 21-25, 2012},
  booktitle = {IPDPS Workshops},
  publisher = {IEEE Computer Society},
  year      = {2012},
  isbn      = {978-1-4673-0974-5},
  ee        = {http://ieeexplore.ieee.org/xpl/mostRecentIssue.jsp?punumber=6269389},
  bibsource = {DBLP, http://dblp.uni-trier.de}
}

@techreport{MPIRInterface, 
  Title = {The {MPIR} Process Acquisition Interface Version 1.0},
  Author = {John DelSignore and Dong Ahn and Ralph Castain and Jeff Squyres},
  Type = {Interface Specification},
  Institution = {MPI Forum Working Group on Tools}, 
  Year = {2010},
}

